@book{Aho:72,
    author  = {Alfred V. Aho and Jeffrey D. Ullman},
    title   = {The Theory of Parsing, Translation and Compiling},
    year    = "1972",
    volume  = "1",
    publisher = {Prentice-Hall},
    address = {Englewood Cliffs, NJ}
}


@book{APA:83,
    author  = {{American Psychological Association}},
    title   = {Publications Manual},
    year    = "1983",
   publisher = {American Psychological Association},
   address = {Washington, DC}
}

@incollection{ACM:83,
	author = {Association for Computing Machinery},
	year = "1983",
	booktitle = {Computing Reviews},
	volume = "24",
	number = "11",
	pages = "503--512"
}

@article{Chandra:81,
	author = {Ashok K. Chandra and Dexter C. Kozen and Larry J. Stockmeyer},
	year = "1981",
	title = {Alternation},
	journal = {Journal of the Association for Computing Machinery},
	volume = "28",
	number = "1",
	pages = "114--133"
}


@book{Gusfield:97,
    author  = {Dan Gusfield},
    title   = {Algorithms on Strings, Trees and Sequences},
    year    = "1997",
    publisher = {Cambridge University Press},
    address = {Cambridge, UK}
}

@inproceedings{brooks2016developing,
  title={Developing a Data-Driven Player Ranking in Soccer Using Predictive Model Weights},
  author={Brooks, Joel and Kerr, Matthew and Guttag, John},
  booktitle={Proceedings of the 22nd ACM SIGKDD International Conference on Knowledge Discovery and Data Mining},
  pages={49--55},
  year={2016},
  organization={ACM}
}

@article{van2012automatic,
  title={Automatic extraction of soccer game events from twitter},
  author={Van Oorschot, Guido and Van Erp, Marieke and Dijkshoorn, Chris},
  journal={Proceedings of the Workhop on Detection, Representation, and Exploitation of Events in the Semantic Web (DeRiVE 2012)},
  volume={902},
  pages={21--30},
  year={2012}
}

@article{choudhury2011extracting,
  title={Extracting semantic entities and events from sports tweets},
  author={Choudhury, Smitashree and Breslin, John G},
  year={2011}
}

@book{mehlfuhrer2009web,
  title={Web scraping: A tool evaluation},
  author={Mehlf{\"u}hrer, Andreas},
  year={2009},
  publisher={na}
}

@misc{penman2009web,
  title={Web scraping made simple with sitescraper},
  author={Penman, Richard Baron and Baldwin, Timothy and Martinez, David},
  year={2009},
  publisher={Citeseer}
}

@inproceedings{rui2000automatically,
  title={Automatically extracting highlights for TV baseball programs},
  author={Rui, Yong and Gupta, Anoop and Acero, Alex},
  booktitle={Proceedings of the eighth ACM international conference on Multimedia},
  pages={105--115},
  year={2000},
  organization={ACM}
}

@inproceedings{xu2003creating,
  title={Creating audio keywords for event detection in soccer video},
  author={Xu, Min and Maddage, Namunu C and Xu, Changsheng and Kankanhalli, Mohan and Tian, Qi},
  booktitle={Multimedia and Expo, 2003. ICME'03. Proceedings. 2003 International Conference on},
  volume={2},
  pages={II--281},
  year={2003},
  organization={IEEE}
}

@misc{bojinov2016pressing,
  title={The Pressing Game: Optimal Defensive Disruption in Soccer},
  author={Bojinov, Iavor and Bornn, Luke},
  year={2016},
  publisher={MIT SSAC}
}

@article{gyarmati2016analyzing,
  title={Analyzing In-Game Movements of Soccer Players at Scale},
  author={Gyarmati, L{\'a}szl{\'o} and Hefeeda, Mohamed},
  journal={arXiv preprint arXiv:1603.05583},
  year={2016}
}

@inproceedings{sacha2014feature,
  title={Feature-driven visual analytics of soccer data},
  author={Sacha, Dominik and Stein, Manuel and Schreck, Tobias and Keim, Daniel A and Deussen, Oliver and others},
  booktitle={Visual Analytics Science and Technology (VAST), 2014 IEEE Conference on},
  pages={13--22},
  year={2014},
  organization={IEEE}
}

@article{van2012soccer,
  title={Soccer Analytics},
  author={van Wijk, Nivard},
  year={2012}
}

@inproceedings{sahami2011real,
  title={Real-time nonverbal opinion sharing through mobile phones during sports events},
  author={Sahami Shirazi, Alireza and Rohs, Michael and Schleicher, Robert and Kratz, Sven and M{\"u}ller, Alexander and Schmidt, Albrecht},
  booktitle={Proceedings of the SIGCHI Conference on Human Factors in Computing Systems},
  pages={307--310},
  year={2011},
  organization={ACM}
}

@article{lanagan2011using,
  title={Using twitter to detect and tag important events in live sports},
  author={Lanagan, James and Smeaton, Alan F},
  journal={Artificial Intelligence},
  volume={29},
  number={2},
  pages={542--545},
  year={2011}
}

@inproceedings{mccallum1998comparison,
  title={A comparison of event models for naive bayes text classification},
  author={McCallum, Andrew and Nigam, Kamal and others},
  booktitle={AAAI-98 workshop on learning for text categorization},
  volume={752},
  pages={41--48},
  year={1998},
  organization={Citeseer}
}

@inproceedings{john1995estimating,
  title={Estimating continuous distributions in Bayesian classifiers},
  author={John, George H and Langley, Pat},
  booktitle={Proceedings of the Eleventh conference on Uncertainty in artificial intelligence},
  pages={338--345},
  year={1995},
  organization={Morgan Kaufmann Publishers Inc.}
}

@article{salton1986introduction,
  title={Introduction to modern information retrieval},
  author={Salton, Gerard and McGill, Michael J},
  year={1986},
  publisher={McGraw-Hill, Inc.}
}

@book{jurafsky2000speech,
  title={Speech \& language processing},
  author={Jurafsky, Dan},
  year={2000},
  publisher={Pearson Education India}
}

@article{luhn1958automatic,
  title={The automatic creation of literature abstracts},
  author={Luhn, Hans Peter},
  journal={IBM Journal of research and development},
  volume={2},
  number={2},
  pages={159--165},
  year={1958},
  publisher={IBM}
}

@article{erkan2004lexrank,
  title={Lexrank: Graph-based lexical centrality as salience in text summarization},
  author={Erkan, G{\"u}nes and Radev, Dragomir R},
  journal={Journal of Artificial Intelligence Research},
  volume={22},
  pages={457--479},
  year={2004}
}

@inproceedings{mihalcea2004textrank,
  title={TextRank: Bringing order into texts},
  author={Mihalcea, Rada and Tarau, Paul},
  year={2004},
  organization={Association for Computational Linguistics}
}